<record><leader>00000cas a2200000 a 4500</leader><controlfield tag="001">8232043</controlfield><controlfield tag="008">820310c18939999wvudr ne      0   a0eng d</controlfield><datafield ind1=" " ind2=" " tag="010"><subfield code="a">sn 86092065 </subfield></datafield><datafield ind1=" " ind2=" " tag="040"><subfield code="a">VPI</subfield><subfield code="b">eng</subfield><subfield code="c">VPI</subfield><subfield code="d">WVC</subfield><subfield code="d">DLC</subfield><subfield code="d">OCL</subfield><subfield code="d">NVK</subfield><subfield code="d">OCL</subfield><subfield code="d">OCLCQ</subfield><subfield code="d">OCLCF</subfield><subfield code="d">OCLCO</subfield></datafield><datafield ind1="1" ind2=" " tag="029"><subfield code="a">AU@</subfield><subfield code="b">000025799247</subfield></datafield><datafield ind1=" " ind2=" " tag="037"><subfield code="b">928 Bluefield Avenue, Bluefield, W. Va. 24701</subfield></datafield><datafield ind1=" " ind2=" " tag="042"><subfield code="a">msc</subfield></datafield><datafield ind1=" " ind2=" " tag="043"><subfield code="a">n-us-wv</subfield></datafield><datafield ind1="0" ind2="0" tag="050"><subfield code="a">Newspaper 7002</subfield></datafield><datafield ind1="0" ind2="0" tag="245"><subfield code="a">Bluefield daily telegraph.</subfield></datafield><datafield ind1="1" ind2="3" tag="246"><subfield code="a">New daily telegraph</subfield><subfield code="f">Jan. 18, 1896-Mar. 7, 1896</subfield></datafield><datafield ind1=" " ind2=" " tag="260"><subfield code="a">Bluefield, W. Va. :</subfield><subfield code="b">Bluefield Telegraph Publ. Co.</subfield></datafield><datafield ind1=" " ind2=" " tag="300"><subfield code="a">v. :</subfield><subfield code="b">ill. ;</subfield><subfield code="c">58 cm.</subfield></datafield><datafield ind1=" " ind2=" " tag="310"><subfield code="a">Daily</subfield></datafield><datafield ind1=" " ind2=" " tag="321"><subfield code="a">Daily (except Mon.),</subfield><subfield code="b">&lt;Apr. 13, 14, 1945&gt;</subfield></datafield><datafield ind1="1" ind2=" " tag="362"><subfield code="a">Began in 1893.</subfield><subfield code="z">Cf. Gregory, W. Amer. newspapers.</subfield></datafield><datafield ind1=" " ind2=" " tag="500"><subfield code="a">Publisher varies.</subfield></datafield><datafield ind1=" " ind2=" " tag="500"><subfield code="a">"Conservative Republican."</subfield></datafield><datafield ind1=" " ind2=" " tag="530"><subfield code="a">Available on microfilm from Bell and Howell, and from UMI.</subfield></datafield><datafield ind1=" " ind2=" " tag="580"><subfield code="a">Issued also in a weekly entitled: Bluefield weekly telegraph (1893-1900, 1901-1905)(non-extant) and in a semiweekly edition: Bluefield semi-weekly telegraph (1900-1901)(non-extant). Cf. W. Va. State Gazetteers.</subfield></datafield><datafield ind1=" " ind2=" " tag="588"><subfield code="a">Description based on: Vol. 3, no. 1 (Jan. 18, 1895).</subfield></datafield><datafield ind1=" " ind2="0" tag="651"><subfield code="a">Bluefield (W. Va.)</subfield><subfield code="v">Newspapers.</subfield></datafield><datafield ind1=" " ind2="7" tag="655"><subfield code="a">Newspapers.</subfield><subfield code="2">fast</subfield><subfield code="0">(OCoLC)fst01423814</subfield></datafield><datafield ind1=" " ind2="7" tag="651"><subfield code="a">West Virginia</subfield><subfield code="z">Bluefield.</subfield><subfield code="2">fast</subfield><subfield code="0">(OCoLC)fst01218609</subfield></datafield><datafield ind1=" " ind2=" " tag="752"><subfield code="a">United States</subfield><subfield code="b">West Virginia</subfield><subfield code="c">Mercer</subfield><subfield code="d">Bluefield.</subfield></datafield><datafield ind1="1" ind2=" " tag="775"><subfield code="t">Bluefield weekly telegraph</subfield></datafield><datafield ind1="1" ind2=" " tag="775"><subfield code="t">Bluefield semi-weekly telegraph</subfield></datafield><datafield ind1="1" ind2=" " tag="775"><subfield code="t">Sunday telegraph (Bluefield, W. Va.)</subfield><subfield code="w">(DLC)sn 86092560</subfield></datafield></record>